%% This document is a bibtex export of HAL publication
%% Date of the export : 02/05/2012
%% Criteria : Author : 'friggeri'

@preamble{ " \newcommand{\noop}[1]{} " } % a do-nothing command that serves a purpose

%Román Zapién-Campos, Gabriela Olmedo-Álvarez and Moisés Santillán
@article{zapien:2015,
  AUTHOR = {{Zapién-Campos, R and Olmedo-Álvarez, G and Santillán, M}},
  TITLE = {{Antagonistic interactions are sufficient to explain self-assemblage of bacterial communities in a homogeneous environment: a computational modeling approach.}},
  JOURNAL = {{Frontiers in Microbiology}},
  PUBLISHER = {Frontiers Media SA},
  VOLUME = {6},
  NUMBER = {489},
  PAGES = {1--9},
  YEAR = {2015},
  MONTH = May,
  KEYWORDS = {bacterial antagonism; ecological modeling; community emergence; spatial patterns; bacterial biodiversity; cuatro cienegas},
  DOI = {10.3389/fmicb.2015.00489},
  URL = {http://dx.doi.org/10.3389/fmicb.2015.00489}
}

